<?xml version="1.0" encoding="UTF-8"?><collection xmlns="http://www.loc.gov/MARC21/slim"><record><leader>00327nam--2200121-i-4500</leader><controlfield tag="001">000048479</controlfield><controlfield tag="002">20161230</controlfield><controlfield tag="005">20161230201047</controlfield><controlfield tag="008">060222s1000------------r-----000-0-eng-d</controlfield><datafield ind1=" " ind2=" " tag="080"><subfield code="a">621.382.2</subfield></datafield><datafield ind1=" " ind2=" " tag="245"><subfield code="a">Avtomatizirovannoe proektirovanie sbis na bazovyh kristallah</subfield></datafield><datafield ind1=" " ind2=" " tag="260"><subfield code="a">Moskva, Radio I Cviaz, 1988 G. 160 P</subfield></datafield><datafield ind1=" " ind2=" " tag="852"><subfield code="a">74969</subfield></datafield></record></collection>